<?xml version="1.0" encoding="UTF-8"?><collection xmlns="http://www.loc.gov/MARC21/slim"><record><leader>00629nam--2200229-u-4500</leader><controlfield tag="001">000050504</controlfield><controlfield tag="002">20161230</controlfield><controlfield tag="003">81916</controlfield><controlfield tag="005">20161230201048</controlfield><controlfield tag="008">070704s1000------------r-----000-0-eng-d</controlfield><datafield ind1=" " ind2=" " tag="020"><subfield code="a">9056992724</subfield></datafield><datafield ind1=" " ind2=" " tag="040"><subfield code="a">IFIN-HH</subfield></datafield><datafield ind1=" " ind2=" " tag="080"><subfield code="a">539.2:538.9</subfield></datafield><datafield ind1="1" ind2=" " tag="100"><subfield code="a">Rogalski, Mircea S</subfield></datafield><datafield ind1="1" ind2="0" tag="245"><subfield code="a">Solid State Physics</subfield><subfield code="c">Mircea s. rogalski; palmer, stuart b</subfield></datafield><datafield ind1=" " ind2=" " tag="260"><subfield code="a">Armsterdam</subfield><subfield code="b">Gordon and Breach Science Publishers</subfield><subfield code="c">2000</subfield></datafield><datafield ind1=" " ind2=" " tag="300"><subfield code="a">467 p</subfield></datafield><datafield ind1=" " ind2=" " tag="500"><subfield code="a">Donatie Din Partea Autorului</subfield></datafield><datafield ind1=" " ind2="4" tag="650"><subfield code="a">Solid State Physics</subfield></datafield><datafield ind1="1" ind2=" " tag="700"><subfield code="a">Palmer, Stuart B</subfield></datafield><datafield ind1=" " ind2=" " tag="852"><subfield code="a">81916</subfield><subfield code="c">539.2</subfield></datafield><datafield ind1=" " ind2=" " tag="CAT"><subfield code="a">Sys</subfield><subfield code="c">20110113</subfield><subfield code="h">095335</subfield></datafield></record></collection>